@article{black_rationale_1948,
	title = {Complex analysis topics for undergraduates and beginning researchers: An exploration with unsolved problems},
	pages = {105-152},
	author = {Brilleslyper, M. and Dorff, M. and McDougall, J. and Rolf, J. and Schaubroeck, B. and Stankewitz, R. and Stephenson, K.},
	year = {2011},
        howpublished = {http://www.jimrolf.com/explorationsInComplexVariables/explorationsComplexVariables6.7.11.pdf},
}

@book{sherif_social_1961,
        title = {A first course in complex analysis},
	publisher = {Orthogonal Publishing},
        version ={1.54},
	author = {Beck, M. and Marchesi, G. and Pixton, D. and Sabalka, L.},
        pages = {10-111},
	year = {2018},
}

@Book{Tenu_2009,
        title = {Minimal surfaces as self-organizing systems},
	author = {Tenu, Vlad},
	year = {2009},
}