@article{black_rationale_1948,
	title = {How Do You Solve Sudoku? A Group-theoretic Approach to Human Solving Strategies},
	pages = {1-16},
	author = {Arnold, E., Chapman, H., Rupert, M.},
        howpublished = {http://www.jimrolf.com/explorationsInComplexVariables/explorationsComplexVariables6.7.11.pdf},
}

@book{sherif_social_1961,
        title = {Generalizing Sudoku Strategies},
        version ={1.54},
	author = {Gromley, Kevin},
        pages = {1-13},
	year = {2014},
}

@Book{Tenu_2009,
        title = {Sudoku},
	author = {Wikipedia},
	year = {2022},
}